average 42728.225
Data points: 
{"e":"trade","E":1705154752072,"s":"BTCUSDT","t":3371595970,"p":"42729.61000000","q":"0.01386000","b":24288645321,"a":24288644850,"T":1705154752072,"m":false,"M":true}
{"e":"trade","E":1705154752094,"s":"BTCUSDT","t":3371595971,"p":"42729.60000000","q":"0.00075000","b":24288644830,"a":24288645324,"T":1705154752093,"m":true,"M":true}
{"e":"trade","E":1705154752095,"s":"BTCUSDT","t":3371595972,"p":"42729.61000000","q":"0.00014000","b":24288645325,"a":24288644850,"T":1705154752094,"m":false,"M":true}
{"e":"trade","E":1705154752421,"s":"BTCUSDT","t":3371595973,"p":"42729.60000000","q":"0.02340000","b":24288644830,"a":24288645365,"T":1705154752420,"m":true,"M":true}
{"e":"trade","E":1705154752519,"s":"BTCUSDT","t":3371595974,"p":"42729.60000000","q":"0.01100000","b":24288644830,"a":24288645381,"T":1705154752518,"m":true,"M":true}
{"e":"trade","E":1705154752647,"s":"BTCUSDT","t":3371595975,"p":"42729.60000000","q":"0.01100000","b":24288644830,"a":24288645408,"T":1705154752646,"m":true,"M":true}
{"e":"trade","E":1705154752694,"s":"BTCUSDT","t":3371595976,"p":"42729.61000000","q":"0.00066000","b":24288645416,"a":24288644850,"T":1705154752693,"m":false,"M":true}
{"e":"trade","E":1705154752719,"s":"BTCUSDT","t":3371595977,"p":"42729.60000000","q":"0.03648000","b":24288644830,"a":24288645420,"T":1705154752718,"m":true,"M":true}
{"e":"trade","E":1705154752719,"s":"BTCUSDT","t":3371595978,"p":"42729.60000000","q":"0.45000000","b":24288644859,"a":24288645420,"T":1705154752718,"m":true,"M":true}
{"e":"trade","E":1705154752719,"s":"BTCUSDT","t":3371595979,"p":"42729.60000000","q":"0.01113000","b":24288644861,"a":24288645420,"T":1705154752718,"m":true,"M":true}
{"e":"trade","E":1705154752721,"s":"BTCUSDT","t":3371595980,"p":"42729.60000000","q":"0.21777000","b":24288644861,"a":24288645421,"T":1705154752720,"m":true,"M":true}
{"e":"trade","E":1705154752721,"s":"BTCUSDT","t":3371595981,"p":"42729.60000000","q":"0.22110000","b":24288644861,"a":24288645422,"T":1705154752720,"m":true,"M":true}
{"e":"trade","E":1705154752721,"s":"BTCUSDT","t":3371595982,"p":"42729.60000000","q":"0.06481000","b":24288644862,"a":24288645422,"T":1705154752720,"m":true,"M":true}
{"e":"trade","E":1705154752721,"s":"BTCUSDT","t":3371595983,"p":"42729.60000000","q":"0.16684000","b":24288644862,"a":24288645423,"T":1705154752720,"m":true,"M":true}
{"e":"trade","E":1705154752722,"s":"BTCUSDT","t":3371595984,"p":"42729.60000000","q":"0.16787000","b":24288644862,"a":24288645424,"T":1705154752721,"m":true,"M":true}
{"e":"trade","E":1705154752722,"s":"BTCUSDT","t":3371595985,"p":"42729.60000000","q":"0.20048000","b":24288644862,"a":24288645425,"T":1705154752721,"m":true,"M":true}
{"e":"trade","E":1705154752722,"s":"BTCUSDT","t":3371595986,"p":"42729.60000000","q":"0.10000000","b":24288644868,"a":24288645425,"T":1705154752721,"m":true,"M":true}
{"e":"trade","E":1705154752722,"s":"BTCUSDT","t":3371595987,"p":"42729.60000000","q":"0.02340000","b":24288644875,"a":24288645425,"T":1705154752721,"m":true,"M":true}
{"e":"trade","E":1705154752722,"s":"BTCUSDT","t":3371595988,"p":"42729.60000000","q":"0.00286000","b":24288645042,"a":24288645425,"T":1705154752721,"m":true,"M":true}
{"e":"trade","E":1705154752722,"s":"BTCUSDT","t":3371595989,"p":"42729.60000000","q":"0.00300000","b":24288645213,"a":24288645425,"T":1705154752721,"m":true,"M":true}
{"e":"trade","E":1705154752732,"s":"BTCUSDT","t":3371595990,"p":"42727.46000000","q":"0.00518000","b":24288645156,"a":24288645473,"T":1705154752730,"m":true,"M":true}
{"e":"trade","E":1705154752738,"s":"BTCUSDT","t":3371595991,"p":"42727.46000000","q":"0.02365000","b":24288645467,"a":24288645487,"T":1705154752736,"m":true,"M":true}
{"e":"trade","E":1705154752738,"s":"BTCUSDT","t":3371595992,"p":"42727.44000000","q":"0.00013000","b":24288645471,"a":24288645487,"T":1705154752736,"m":true,"M":true}
{"e":"trade","E":1705154752738,"s":"BTCUSDT","t":3371595993,"p":"42726.00000000","q":"0.21040000","b":24288644593,"a":24288645487,"T":1705154752736,"m":true,"M":true}
{"e":"trade","E":1705154752744,"s":"BTCUSDT","t":3371595994,"p":"42726.01000000","q":"0.01170000","b":24288645516,"a":24288645515,"T":1705154752740,"m":false,"M":true}
{"e":"trade","E":1705154752755,"s":"BTCUSDT","t":3371595995,"p":"42724.12000000","q":"0.00049000","b":24288645113,"a":24288645576,"T":1705154752748,"m":true,"M":true}
{"e":"trade","E":1705154752764,"s":"BTCUSDT","t":3371595996,"p":"42724.06000000","q":"0.00049000","b":24288645628,"a":24288645584,"T":1705154752757,"m":false,"M":true}
{"e":"trade","E":1705154752766,"s":"BTCUSDT","t":3371595997,"p":"42724.05000000","q":"0.00518000","b":24288645387,"a":24288645640,"T":1705154752761,"m":true,"M":true}
{"e":"trade","E":1705154752863,"s":"BTCUSDT","t":3371595998,"p":"42724.06000000","q":"0.00920000","b":24288645728,"a":24288645584,"T":1705154752863,"m":false,"M":true}
{"e":"trade","E":1705154752870,"s":"BTCUSDT","t":3371595999,"p":"42724.06000000","q":"0.00585000","b":24288645736,"a":24288645584,"T":1705154752869,"m":false,"M":true}