average 53864.87501872667
Data points: 
{"e":"trade","E":1725680999004,"s":"BTCUSDT","t":3798161778,"p":"53863.59000000","q":"0.06496000","T":1725680999003,"m":false,"M":true}
{"e":"trade","E":1725680999322,"s":"BTCUSDT","t":3798161779,"p":"53863.58000000","q":"0.00700000","T":1725680999321,"m":true,"M":true}
{"e":"trade","E":1725680999327,"s":"BTCUSDT","t":3798161780,"p":"53863.58000000","q":"0.00300000","T":1725680999326,"m":true,"M":true}
{"e":"trade","E":1725680999330,"s":"BTCUSDT","t":3798161781,"p":"53863.58000000","q":"0.00700000","T":1725680999330,"m":true,"M":true}
{"e":"trade","E":1725681000277,"s":"BTCUSDT","t":3798161782,"p":"53863.58000000","q":"0.00010000","T":1725681000277,"m":true,"M":true}
{"e":"trade","E":1725681000277,"s":"BTCUSDT","t":3798161783,"p":"53863.58000000","q":"0.00090000","T":1725681000277,"m":true,"M":true}
{"e":"trade","E":1725681000306,"s":"BTCUSDT","t":3798161784,"p":"53863.58000000","q":"0.00095000","T":1725681000306,"m":true,"M":true}
{"e":"trade","E":1725681000306,"s":"BTCUSDT","t":3798161785,"p":"53863.58000000","q":"0.00327000","T":1725681000306,"m":true,"M":true}
{"e":"trade","E":1725681000746,"s":"BTCUSDT","t":3798161786,"p":"53863.58000000","q":"0.00170000","T":1725681000745,"m":true,"M":true}
{"e":"trade","E":1725681000746,"s":"BTCUSDT","t":3798161787,"p":"53863.58000000","q":"0.00558000","T":1725681000745,"m":true,"M":true}
{"e":"trade","E":1725681000746,"s":"BTCUSDT","t":3798161788,"p":"53863.58000000","q":"0.03714000","T":1725681000745,"m":true,"M":true}
{"e":"trade","E":1725681000746,"s":"BTCUSDT","t":3798161789,"p":"53863.58000000","q":"0.00054000","T":1725681000745,"m":true,"M":true}
{"e":"trade","E":1725681000746,"s":"BTCUSDT","t":3798161790,"p":"53863.58000000","q":"0.00010000","T":1725681000745,"m":true,"M":true}
{"e":"trade","E":1725681000746,"s":"BTCUSDT","t":3798161791,"p":"53863.58000000","q":"0.00024000","T":1725681000745,"m":true,"M":true}
{"e":"trade","E":1725681000746,"s":"BTCUSDT","t":3798161792,"p":"53863.58000000","q":"0.00010000","T":1725681000745,"m":true,"M":true}
{"e":"trade","E":1725681000746,"s":"BTCUSDT","t":3798161793,"p":"53863.58000000","q":"0.00185000","T":1725681000745,"m":true,"M":true}
{"e":"trade","E":1725681000746,"s":"BTCUSDT","t":3798161794,"p":"53863.58000000","q":"0.00213000","T":1725681000745,"m":true,"M":true}
{"e":"trade","E":1725681000746,"s":"BTCUSDT","t":3798161795,"p":"53863.58000000","q":"0.01023000","T":1725681000745,"m":true,"M":true}
{"e":"trade","E":1725681000746,"s":"BTCUSDT","t":3798161796,"p":"53863.58000000","q":"0.00039000","T":1725681000745,"m":true,"M":true}
{"e":"trade","E":1725681000746,"s":"BTCUSDT","t":3798161797,"p":"53863.58000000","q":"0.06997000","T":1725681000745,"m":true,"M":true}
{"e":"trade","E":1725681001009,"s":"BTCUSDT","t":3798161798,"p":"53863.59000000","q":"0.00088000","T":1725681001008,"m":false,"M":true}
{"e":"trade","E":1725681001683,"s":"BTCUSDT","t":3798161799,"p":"53863.58000000","q":"0.00200000","T":1725681001682,"m":true,"M":true}
{"e":"trade","E":1725681001683,"s":"BTCUSDT","t":3798161800,"p":"53863.58000000","q":"0.00200000","T":1725681001683,"m":true,"M":true}
{"e":"trade","E":1725681001824,"s":"BTCUSDT","t":3798161801,"p":"53863.59000000","q":"0.01067000","T":1725681001824,"m":false,"M":true}
{"e":"trade","E":1725681002369,"s":"BTCUSDT","t":3798161802,"p":"53863.58000000","q":"0.00300000","T":1725681002368,"m":true,"M":true}
{"e":"trade","E":1725681002381,"s":"BTCUSDT","t":3798161803,"p":"53863.58000000","q":"0.00700000","T":1725681002381,"m":true,"M":true}
{"e":"trade","E":1725681002573,"s":"BTCUSDT","t":3798161804,"p":"53863.59000000","q":"0.00137000","T":1725681002572,"m":false,"M":true}
{"e":"trade","E":1725681002695,"s":"BTCUSDT","t":3798161805,"p":"53863.59000000","q":"0.00117000","T":1725681002695,"m":false,"M":true}
{"e":"trade","E":1725681002949,"s":"BTCUSDT","t":3798161806,"p":"53863.59000000","q":"0.00019000","T":1725681002948,"m":false,"M":true}
{"e":"trade","E":1725681002949,"s":"BTCUSDT","t":3798161807,"p":"53863.59000000","q":"0.00087000","T":1725681002948,"m":false,"M":true}
{"e":"trade","E":1725681003373,"s":"BTCUSDT","t":3798161808,"p":"53863.59000000","q":"0.00057000","T":1725681003372,"m":false,"M":true}
{"e":"trade","E":1725681003409,"s":"BTCUSDT","t":3798161809,"p":"53863.59000000","q":"0.00010000","T":1725681003408,"m":false,"M":true}
{"e":"trade","E":1725681003941,"s":"BTCUSDT","t":3798161810,"p":"53863.59000000","q":"0.00005000","T":1725681003940,"m":false,"M":true}
{"e":"trade","E":1725681003941,"s":"BTCUSDT","t":3798161811,"p":"53863.59000000","q":"0.00010000","T":1725681003940,"m":false,"M":true}
{"e":"trade","E":1725681003941,"s":"BTCUSDT","t":3798161812,"p":"53863.59000000","q":"0.00030000","T":1725681003940,"m":false,"M":true}
{"e":"trade","E":1725681004190,"s":"BTCUSDT","t":3798161813,"p":"53863.59000000","q":"0.00039000","T":1725681004190,"m":false,"M":true}
{"e":"trade","E":1725681004417,"s":"BTCUSDT","t":3798161814,"p":"53863.59000000","q":"0.00300000","T":1725681004416,"m":false,"M":true}
{"e":"trade","E":1725681004432,"s":"BTCUSDT","t":3798161815,"p":"53863.59000000","q":"0.00300000","T":1725681004432,"m":false,"M":true}
{"e":"trade","E":1725681004436,"s":"BTCUSDT","t":3798161816,"p":"53863.59000000","q":"0.00300000","T":1725681004435,"m":false,"M":true}
{"e":"trade","E":1725681004997,"s":"BTCUSDT","t":3798161817,"p":"53863.59000000","q":"0.00010000","T":1725681004997,"m":false,"M":true}
{"e":"trade","E":1725681004997,"s":"BTCUSDT","t":3798161818,"p":"53863.59000000","q":"0.00290000","T":1725681004997,"m":false,"M":true}
{"e":"trade","E":1725681005005,"s":"BTCUSDT","t":3798161819,"p":"53863.59000000","q":"0.00300000","T":1725681005005,"m":false,"M":true}
{"e":"trade","E":1725681005019,"s":"BTCUSDT","t":3798161820,"p":"53863.59000000","q":"0.00300000","T":1725681005018,"m":false,"M":true}
{"e":"trade","E":1725681005022,"s":"BTCUSDT","t":3798161821,"p":"53863.59000000","q":"0.00966000","T":1725681005021,"m":false,"M":true}
{"e":"trade","E":1725681005022,"s":"BTCUSDT","t":3798161822,"p":"53863.59000000","q":"0.00042000","T":1725681005021,"m":false,"M":true}
{"e":"trade","E":1725681005022,"s":"BTCUSDT","t":3798161823,"p":"53863.59000000","q":"0.00021000","T":1725681005021,"m":false,"M":true}
{"e":"trade","E":1725681005022,"s":"BTCUSDT","t":3798161824,"p":"53863.59000000","q":"0.00015000","T":1725681005021,"m":false,"M":true}
{"e":"trade","E":1725681005022,"s":"BTCUSDT","t":3798161825,"p":"53863.59000000","q":"0.00010000","T":1725681005021,"m":false,"M":true}
{"e":"trade","E":1725681005022,"s":"BTCUSDT","t":3798161826,"p":"53863.59000000","q":"0.00010000","T":1725681005021,"m":false,"M":true}
{"e":"trade","E":1725681005022,"s":"BTCUSDT","t":3798161827,"p":"53863.59000000","q":"0.00185000","T":1725681005021,"m":false,"M":true}
{"e":"trade","E":1725681005022,"s":"BTCUSDT","t":3798161828,"p":"53863.59000000","q":"0.00010000","T":1725681005021,"m":false,"M":true}
{"e":"trade","E":1725681005022,"s":"BTCUSDT","t":3798161829,"p":"53863.59000000","q":"0.00010000","T":1725681005021,"m":false,"M":true}
{"e":"trade","E":1725681005022,"s":"BTCUSDT","t":3798161830,"p":"53863.59000000","q":"0.00042000","T":1725681005021,"m":false,"M":true}
{"e":"trade","E":1725681005022,"s":"BTCUSDT","t":3798161831,"p":"53863.59000000","q":"0.00010000","T":1725681005021,"m":false,"M":true}
{"e":"trade","E":1725681005022,"s":"BTCUSDT","t":3798161832,"p":"53863.59000000","q":"0.00010000","T":1725681005021,"m":false,"M":true}
{"e":"trade","E":1725681005022,"s":"BTCUSDT","t":3798161833,"p":"53863.59000000","q":"0.00010000","T":1725681005021,"m":false,"M":true}
{"e":"trade","E":1725681005022,"s":"BTCUSDT","t":3798161834,"p":"53863.59000000","q":"0.00010000","T":1725681005021,"m":false,"M":true}
{"e":"trade","E":1725681005022,"s":"BTCUSDT","t":3798161835,"p":"53863.59000000","q":"0.00010000","T":1725681005021,"m":false,"M":true}
{"e":"trade","E":1725681005022,"s":"BTCUSDT","t":3798161836,"p":"53863.59000000","q":"0.00006000","T":1725681005021,"m":false,"M":true}
{"e":"trade","E":1725681005022,"s":"BTCUSDT","t":3798161837,"p":"53863.62000000","q":"0.00010000","T":1725681005021,"m":false,"M":true}
{"e":"trade","E":1725681005022,"s":"BTCUSDT","t":3798161838,"p":"53863.62000000","q":"0.00010000","T":1725681005021,"m":false,"M":true}
{"e":"trade","E":1725681005022,"s":"BTCUSDT","t":3798161839,"p":"53863.62000000","q":"0.00010000","T":1725681005021,"m":false,"M":true}
{"e":"trade","E":1725681005022,"s":"BTCUSDT","t":3798161840,"p":"53863.62000000","q":"0.00010000","T":1725681005021,"m":false,"M":true}
{"e":"trade","E":1725681005022,"s":"BTCUSDT","t":3798161841,"p":"53863.62000000","q":"0.00010000","T":1725681005021,"m":false,"M":true}
{"e":"trade","E":1725681005022,"s":"BTCUSDT","t":3798161842,"p":"53863.62000000","q":"0.00010000","T":1725681005021,"m":false,"M":true}
{"e":"trade","E":1725681005022,"s":"BTCUSDT","t":3798161843,"p":"53863.62000000","q":"0.00010000","T":1725681005021,"m":false,"M":true}
{"e":"trade","E":1725681005022,"s":"BTCUSDT","t":3798161844,"p":"53863.62000000","q":"0.00010000","T":1725681005021,"m":false,"M":true}
{"e":"trade","E":1725681005022,"s":"BTCUSDT","t":3798161845,"p":"53863.62000000","q":"0.00010000","T":1725681005021,"m":false,"M":true}
{"e":"trade","E":1725681005022,"s":"BTCUSDT","t":3798161846,"p":"53863.62000000","q":"0.00010000","T":1725681005021,"m":false,"M":true}
{"e":"trade","E":1725681005022,"s":"BTCUSDT","t":3798161847,"p":"53863.62000000","q":"0.00010000","T":1725681005021,"m":false,"M":true}
{"e":"trade","E":1725681005022,"s":"BTCUSDT","t":3798161848,"p":"53863.62000000","q":"0.00010000","T":1725681005021,"m":false,"M":true}
{"e":"trade","E":1725681005022,"s":"BTCUSDT","t":3798161849,"p":"53863.63000000","q":"0.00079000","T":1725681005021,"m":false,"M":true}
{"e":"trade","E":1725681005027,"s":"BTCUSDT","t":3798161850,"p":"53863.63000000","q":"0.00126000","T":1725681005027,"m":false,"M":true}
{"e":"trade","E":1725681005027,"s":"BTCUSDT","t":3798161851,"p":"53863.63000000","q":"0.00010000","T":1725681005027,"m":false,"M":true}
{"e":"trade","E":1725681005027,"s":"BTCUSDT","t":3798161852,"p":"53863.63000000","q":"0.00010000","T":1725681005027,"m":false,"M":true}
{"e":"trade","E":1725681005027,"s":"BTCUSDT","t":3798161853,"p":"53863.63000000","q":"0.00010000","T":1725681005027,"m":false,"M":true}
{"e":"trade","E":1725681005027,"s":"BTCUSDT","t":3798161854,"p":"53863.63000000","q":"0.00010000","T":1725681005027,"m":false,"M":true}
{"e":"trade","E":1725681005027,"s":"BTCUSDT","t":3798161855,"p":"53863.98000000","q":"0.00010000","T":1725681005027,"m":false,"M":true}
{"e":"trade","E":1725681005027,"s":"BTCUSDT","t":3798161856,"p":"53863.98000000","q":"0.00010000","T":1725681005027,"m":false,"M":true}
{"e":"trade","E":1725681005027,"s":"BTCUSDT","t":3798161857,"p":"53863.99000000","q":"0.00010000","T":1725681005027,"m":false,"M":true}
{"e":"trade","E":1725681005027,"s":"BTCUSDT","t":3798161858,"p":"53863.99000000","q":"0.00010000","T":1725681005027,"m":false,"M":true}
{"e":"trade","E":1725681005027,"s":"BTCUSDT","t":3798161859,"p":"53863.99000000","q":"0.00013000","T":1725681005027,"m":false,"M":true}
{"e":"trade","E":1725681005027,"s":"BTCUSDT","t":3798161860,"p":"53863.99000000","q":"0.00010000","T":1725681005027,"m":false,"M":true}
{"e":"trade","E":1725681005027,"s":"BTCUSDT","t":3798161861,"p":"53863.99000000","q":"0.00010000","T":1725681005027,"m":false,"M":true}
{"e":"trade","E":1725681005027,"s":"BTCUSDT","t":3798161862,"p":"53863.99000000","q":"0.00013000","T":1725681005027,"m":false,"M":true}
{"e":"trade","E":1725681005027,"s":"BTCUSDT","t":3798161863,"p":"53863.99000000","q":"0.00010000","T":1725681005027,"m":false,"M":true}
{"e":"trade","E":1725681005027,"s":"BTCUSDT","t":3798161864,"p":"53863.99000000","q":"0.00013000","T":1725681005027,"m":false,"M":true}
{"e":"trade","E":1725681005027,"s":"BTCUSDT","t":3798161865,"p":"53863.99000000","q":"0.00010000","T":1725681005027,"m":false,"M":true}
{"e":"trade","E":1725681005027,"s":"BTCUSDT","t":3798161866,"p":"53863.99000000","q":"0.00013000","T":1725681005027,"m":false,"M":true}
{"e":"trade","E":1725681005027,"s":"BTCUSDT","t":3798161867,"p":"53863.99000000","q":"0.00010000","T":1725681005027,"m":false,"M":true}
{"e":"trade","E":1725681005027,"s":"BTCUSDT","t":3798161868,"p":"53863.99000000","q":"0.00013000","T":1725681005027,"m":false,"M":true}
{"e":"trade","E":1725681005027,"s":"BTCUSDT","t":3798161869,"p":"53863.99000000","q":"0.00010000","T":1725681005027,"m":false,"M":true}
{"e":"trade","E":1725681005027,"s":"BTCUSDT","t":3798161870,"p":"53863.99000000","q":"0.00013000","T":1725681005027,"m":false,"M":true}
{"e":"trade","E":1725681005027,"s":"BTCUSDT","t":3798161871,"p":"53863.99000000","q":"0.00010000","T":1725681005027,"m":false,"M":true}
{"e":"trade","E":1725681005027,"s":"BTCUSDT","t":3798161872,"p":"53863.99000000","q":"0.00013000","T":1725681005027,"m":false,"M":true}
{"e":"trade","E":1725681005027,"s":"BTCUSDT","t":3798161873,"p":"53863.99000000","q":"0.00010000","T":1725681005027,"m":false,"M":true}
{"e":"trade","E":1725681005027,"s":"BTCUSDT","t":3798161874,"p":"53863.99000000","q":"0.00013000","T":1725681005027,"m":false,"M":true}
{"e":"trade","E":1725681005027,"s":"BTCUSDT","t":3798161875,"p":"53863.99000000","q":"0.00010000","T":1725681005027,"m":false,"M":true}
{"e":"trade","E":1725681005027,"s":"BTCUSDT","t":3798161876,"p":"53863.99000000","q":"0.00013000","T":1725681005027,"m":false,"M":true}
{"e":"trade","E":1725681005027,"s":"BTCUSDT","t":3798161877,"p":"53863.99000000","q":"0.00010000","T":1725681005027,"m":false,"M":true}
{"e":"trade","E":1725681005027,"s":"BTCUSDT","t":3798161878,"p":"53863.99000000","q":"0.00013000","T":1725681005027,"m":false,"M":true}
{"e":"trade","E":1725681005047,"s":"BTCUSDT","t":3798161879,"p":"53864.00000000","q":"0.01000000","T":1725681005046,"m":false,"M":true}
{"e":"trade","E":1725681005047,"s":"BTCUSDT","t":3798161880,"p":"53864.00000000","q":"0.01000000","T":1725681005046,"m":false,"M":true}
{"e":"trade","E":1725681005047,"s":"BTCUSDT","t":3798161881,"p":"53864.11000000","q":"0.00010000","T":1725681005046,"m":false,"M":true}
{"e":"trade","E":1725681005047,"s":"BTCUSDT","t":3798161882,"p":"53864.11000000","q":"0.00010000","T":1725681005046,"m":false,"M":true}
{"e":"trade","E":1725681005049,"s":"BTCUSDT","t":3798161883,"p":"53864.17000000","q":"0.00010000","T":1725681005048,"m":false,"M":true}
{"e":"trade","E":1725681005049,"s":"BTCUSDT","t":3798161884,"p":"53864.17000000","q":"0.00010000","T":1725681005048,"m":false,"M":true}
{"e":"trade","E":1725681005049,"s":"BTCUSDT","t":3798161885,"p":"53864.52000000","q":"0.00010000","T":1725681005048,"m":false,"M":true}
{"e":"trade","E":1725681005049,"s":"BTCUSDT","t":3798161886,"p":"53864.52000000","q":"0.00004000","T":1725681005048,"m":false,"M":true}
{"e":"trade","E":1725681005049,"s":"BTCUSDT","t":3798161887,"p":"53864.52000000","q":"0.00006000","T":1725681005048,"m":false,"M":true}
{"e":"trade","E":1725681005049,"s":"BTCUSDT","t":3798161888,"p":"53864.53000000","q":"0.00028000","T":1725681005048,"m":false,"M":true}
{"e":"trade","E":1725681005052,"s":"BTCUSDT","t":3798161889,"p":"53864.53000000","q":"0.00335000","T":1725681005050,"m":false,"M":true}
{"e":"trade","E":1725681005057,"s":"BTCUSDT","t":3798161890,"p":"53864.53000000","q":"0.00010000","T":1725681005054,"m":false,"M":true}
{"e":"trade","E":1725681005057,"s":"BTCUSDT","t":3798161891,"p":"53864.53000000","q":"0.00010000","T":1725681005054,"m":false,"M":true}
{"e":"trade","E":1725681005057,"s":"BTCUSDT","t":3798161892,"p":"53864.53000000","q":"0.00010000","T":1725681005054,"m":false,"M":true}
{"e":"trade","E":1725681005057,"s":"BTCUSDT","t":3798161893,"p":"53864.53000000","q":"0.00010000","T":1725681005054,"m":false,"M":true}
{"e":"trade","E":1725681005057,"s":"BTCUSDT","t":3798161894,"p":"53864.53000000","q":"0.00010000","T":1725681005054,"m":false,"M":true}
{"e":"trade","E":1725681005057,"s":"BTCUSDT","t":3798161895,"p":"53864.53000000","q":"0.00010000","T":1725681005054,"m":false,"M":true}
{"e":"trade","E":1725681005057,"s":"BTCUSDT","t":3798161896,"p":"53864.53000000","q":"0.00010000","T":1725681005054,"m":false,"M":true}
{"e":"trade","E":1725681005057,"s":"BTCUSDT","t":3798161897,"p":"53864.53000000","q":"0.00010000","T":1725681005054,"m":false,"M":true}
{"e":"trade","E":1725681005057,"s":"BTCUSDT","t":3798161898,"p":"53864.53000000","q":"0.00010000","T":1725681005054,"m":false,"M":true}
{"e":"trade","E":1725681005057,"s":"BTCUSDT","t":3798161899,"p":"53864.53000000","q":"0.00010000","T":1725681005054,"m":false,"M":true}
{"e":"trade","E":1725681005057,"s":"BTCUSDT","t":3798161900,"p":"53864.53000000","q":"0.00010000","T":1725681005054,"m":false,"M":true}
{"e":"trade","E":1725681005057,"s":"BTCUSDT","t":3798161901,"p":"53864.53000000","q":"0.00010000","T":1725681005054,"m":false,"M":true}
{"e":"trade","E":1725681005057,"s":"BTCUSDT","t":3798161902,"p":"53864.54000000","q":"0.00010000","T":1725681005054,"m":false,"M":true}
{"e":"trade","E":1725681005057,"s":"BTCUSDT","t":3798161903,"p":"53864.54000000","q":"0.00010000","T":1725681005054,"m":false,"M":true}
{"e":"trade","E":1725681005057,"s":"BTCUSDT","t":3798161904,"p":"53864.99000000","q":"0.00010000","T":1725681005054,"m":false,"M":true}
{"e":"trade","E":1725681005057,"s":"BTCUSDT","t":3798161905,"p":"53864.99000000","q":"0.00010000","T":1725681005054,"m":false,"M":true}
{"e":"trade","E":1725681005057,"s":"BTCUSDT","t":3798161906,"p":"53864.99000000","q":"0.00013000","T":1725681005054,"m":false,"M":true}
{"e":"trade","E":1725681005057,"s":"BTCUSDT","t":3798161907,"p":"53864.99000000","q":"0.00010000","T":1725681005054,"m":false,"M":true}
{"e":"trade","E":1725681005057,"s":"BTCUSDT","t":3798161908,"p":"53864.99000000","q":"0.00010000","T":1725681005054,"m":false,"M":true}
{"e":"trade","E":1725681005057,"s":"BTCUSDT","t":3798161909,"p":"53864.99000000","q":"0.00013000","T":1725681005054,"m":false,"M":true}
{"e":"trade","E":1725681005057,"s":"BTCUSDT","t":3798161910,"p":"53864.99000000","q":"0.00010000","T":1725681005054,"m":false,"M":true}
{"e":"trade","E":1725681005057,"s":"BTCUSDT","t":3798161911,"p":"53864.99000000","q":"0.00013000","T":1725681005054,"m":false,"M":true}
{"e":"trade","E":1725681005057,"s":"BTCUSDT","t":3798161912,"p":"53864.99000000","q":"0.00010000","T":1725681005054,"m":false,"M":true}
{"e":"trade","E":1725681005057,"s":"BTCUSDT","t":3798161913,"p":"53864.99000000","q":"0.00013000","T":1725681005054,"m":false,"M":true}
{"e":"trade","E":1725681005057,"s":"BTCUSDT","t":3798161914,"p":"53864.99000000","q":"0.00010000","T":1725681005054,"m":false,"M":true}
{"e":"trade","E":1725681005057,"s":"BTCUSDT","t":3798161915,"p":"53864.99000000","q":"0.00013000","T":1725681005054,"m":false,"M":true}
{"e":"trade","E":1725681005057,"s":"BTCUSDT","t":3798161916,"p":"53864.99000000","q":"0.00010000","T":1725681005054,"m":false,"M":true}
{"e":"trade","E":1725681005057,"s":"BTCUSDT","t":3798161917,"p":"53864.99000000","q":"0.00013000","T":1725681005054,"m":false,"M":true}
{"e":"trade","E":1725681005057,"s":"BTCUSDT","t":3798161918,"p":"53864.99000000","q":"0.00010000","T":1725681005054,"m":false,"M":true}
{"e":"trade","E":1725681005057,"s":"BTCUSDT","t":3798161919,"p":"53864.99000000","q":"0.00013000","T":1725681005054,"m":false,"M":true}
{"e":"trade","E":1725681005057,"s":"BTCUSDT","t":3798161920,"p":"53864.99000000","q":"0.00010000","T":1725681005054,"m":false,"M":true}
{"e":"trade","E":1725681005057,"s":"BTCUSDT","t":3798161921,"p":"53864.99000000","q":"0.00004000","T":1725681005054,"m":false,"M":true}
{"e":"trade","E":1725681005061,"s":"BTCUSDT","t":3798161922,"p":"53864.99000000","q":"0.00009000","T":1725681005059,"m":false,"M":true}
{"e":"trade","E":1725681005061,"s":"BTCUSDT","t":3798161923,"p":"53864.99000000","q":"0.00013000","T":1725681005059,"m":false,"M":true}
{"e":"trade","E":1725681005061,"s":"BTCUSDT","t":3798161924,"p":"53864.99000000","q":"0.00012000","T":1725681005059,"m":false,"M":true}
{"e":"trade","E":1725681005061,"s":"BTCUSDT","t":3798161925,"p":"53864.99000000","q":"0.00001000","T":1725681005059,"m":false,"M":true}
{"e":"trade","E":1725681005061,"s":"BTCUSDT","t":3798161926,"p":"53864.99000000","q":"0.00013000","T":1725681005059,"m":false,"M":true}
{"e":"trade","E":1725681005061,"s":"BTCUSDT","t":3798161927,"p":"53864.99000000","q":"0.00013000","T":1725681005059,"m":false,"M":true}
{"e":"trade","E":1725681005061,"s":"BTCUSDT","t":3798161928,"p":"53864.99000000","q":"0.00007000","T":1725681005059,"m":false,"M":true}
{"e":"trade","E":1725681005061,"s":"BTCUSDT","t":3798161929,"p":"53864.99000000","q":"0.00006000","T":1725681005059,"m":false,"M":true}
{"e":"trade","E":1725681005061,"s":"BTCUSDT","t":3798161930,"p":"53864.99000000","q":"0.00013000","T":1725681005059,"m":false,"M":true}
{"e":"trade","E":1725681005061,"s":"BTCUSDT","t":3798161931,"p":"53864.99000000","q":"0.00013000","T":1725681005059,"m":false,"M":true}
{"e":"trade","E":1725681005061,"s":"BTCUSDT","t":3798161932,"p":"53864.99000000","q":"0.00002000","T":1725681005059,"m":false,"M":true}
{"e":"trade","E":1725681005061,"s":"BTCUSDT","t":3798161933,"p":"53864.99000000","q":"0.00011000","T":1725681005059,"m":false,"M":true}
{"e":"trade","E":1725681005061,"s":"BTCUSDT","t":3798161934,"p":"53864.99000000","q":"0.00013000","T":1725681005059,"m":false,"M":true}
{"e":"trade","E":1725681005061,"s":"BTCUSDT","t":3798161935,"p":"53864.99000000","q":"0.00010000","T":1725681005059,"m":false,"M":true}
{"e":"trade","E":1725681005061,"s":"BTCUSDT","t":3798161936,"p":"53864.99000000","q":"0.00003000","T":1725681005059,"m":false,"M":true}
{"e":"trade","E":1725681005061,"s":"BTCUSDT","t":3798161937,"p":"53864.99000000","q":"0.00013000","T":1725681005059,"m":false,"M":true}
{"e":"trade","E":1725681005061,"s":"BTCUSDT","t":3798161938,"p":"53864.99000000","q":"0.00013000","T":1725681005059,"m":false,"M":true}
{"e":"trade","E":1725681005061,"s":"BTCUSDT","t":3798161939,"p":"53865.00000000","q":"0.00005000","T":1725681005059,"m":false,"M":true}
{"e":"trade","E":1725681005073,"s":"BTCUSDT","t":3798161940,"p":"53865.00000000","q":"0.00245000","T":1725681005073,"m":false,"M":true}
{"e":"trade","E":1725681005073,"s":"BTCUSDT","t":3798161941,"p":"53865.00000000","q":"0.01200000","T":1725681005073,"m":false,"M":true}
{"e":"trade","E":1725681005073,"s":"BTCUSDT","t":3798161942,"p":"53865.00000000","q":"0.00660000","T":1725681005073,"m":false,"M":true}
{"e":"trade","E":1725681005073,"s":"BTCUSDT","t":3798161943,"p":"53865.00000000","q":"0.00660000","T":1725681005073,"m":false,"M":true}
{"e":"trade","E":1725681005073,"s":"BTCUSDT","t":3798161944,"p":"53865.00000000","q":"0.00172000","T":1725681005073,"m":false,"M":true}
{"e":"trade","E":1725681005073,"s":"BTCUSDT","t":3798161945,"p":"53865.00000000","q":"0.00010000","T":1725681005073,"m":false,"M":true}
{"e":"trade","E":1725681005073,"s":"BTCUSDT","t":3798161946,"p":"53865.00000000","q":"0.00010000","T":1725681005073,"m":false,"M":true}
{"e":"trade","E":1725681005073,"s":"BTCUSDT","t":3798161947,"p":"53865.00000000","q":"0.00010000","T":1725681005073,"m":false,"M":true}
{"e":"trade","E":1725681005073,"s":"BTCUSDT","t":3798161948,"p":"53865.00000000","q":"0.00010000","T":1725681005073,"m":false,"M":true}
{"e":"trade","E":1725681005073,"s":"BTCUSDT","t":3798161949,"p":"53865.00000000","q":"0.00010000","T":1725681005073,"m":false,"M":true}
{"e":"trade","E":1725681005073,"s":"BTCUSDT","t":3798161950,"p":"53865.00000000","q":"0.00010000","T":1725681005073,"m":false,"M":true}
{"e":"trade","E":1725681005073,"s":"BTCUSDT","t":3798161951,"p":"53865.27000000","q":"0.00010000","T":1725681005073,"m":false,"M":true}
{"e":"trade","E":1725681005073,"s":"BTCUSDT","t":3798161952,"p":"53865.27000000","q":"0.00010000","T":1725681005073,"m":false,"M":true}
{"e":"trade","E":1725681005073,"s":"BTCUSDT","t":3798161953,"p":"53865.27000000","q":"0.00010000","T":1725681005073,"m":false,"M":true}
{"e":"trade","E":1725681005073,"s":"BTCUSDT","t":3798161954,"p":"53865.27000000","q":"0.00010000","T":1725681005073,"m":false,"M":true}
{"e":"trade","E":1725681005073,"s":"BTCUSDT","t":3798161955,"p":"53865.27000000","q":"0.00010000","T":1725681005073,"m":false,"M":true}
{"e":"trade","E":1725681005073,"s":"BTCUSDT","t":3798161956,"p":"53865.27000000","q":"0.00010000","T":1725681005073,"m":false,"M":true}
{"e":"trade","E":1725681005073,"s":"BTCUSDT","t":3798161957,"p":"53865.27000000","q":"0.00010000","T":1725681005073,"m":false,"M":true}
{"e":"trade","E":1725681005073,"s":"BTCUSDT","t":3798161958,"p":"53865.27000000","q":"0.00010000","T":1725681005073,"m":false,"M":true}
{"e":"trade","E":1725681005073,"s":"BTCUSDT","t":3798161959,"p":"53865.27000000","q":"0.00010000","T":1725681005073,"m":false,"M":true}
{"e":"trade","E":1725681005073,"s":"BTCUSDT","t":3798161960,"p":"53865.27000000","q":"0.00010000","T":1725681005073,"m":false,"M":true}
{"e":"trade","E":1725681005073,"s":"BTCUSDT","t":3798161961,"p":"53865.27000000","q":"0.00010000","T":1725681005073,"m":false,"M":true}
{"e":"trade","E":1725681005073,"s":"BTCUSDT","t":3798161962,"p":"53865.27000000","q":"0.00010000","T":1725681005073,"m":false,"M":true}
{"e":"trade","E":1725681005073,"s":"BTCUSDT","t":3798161963,"p":"53865.28000000","q":"0.00198000","T":1725681005073,"m":false,"M":true}
{"e":"trade","E":1725681005073,"s":"BTCUSDT","t":3798161964,"p":"53865.28000000","q":"0.00132000","T":1725681005073,"m":false,"M":true}
{"e":"trade","E":1725681005073,"s":"BTCUSDT","t":3798161965,"p":"53865.28000000","q":"0.00010000","T":1725681005073,"m":false,"M":true}
{"e":"trade","E":1725681005073,"s":"BTCUSDT","t":3798161966,"p":"53865.28000000","q":"0.00010000","T":1725681005073,"m":false,"M":true}
{"e":"trade","E":1725681005074,"s":"BTCUSDT","t":3798161967,"p":"53865.40000000","q":"0.00010000","T":1725681005073,"m":false,"M":true}
{"e":"trade","E":1725681005074,"s":"BTCUSDT","t":3798161968,"p":"53865.40000000","q":"0.00010000","T":1725681005073,"m":false,"M":true}
{"e":"trade","E":1725681005074,"s":"BTCUSDT","t":3798161969,"p":"53865.40000000","q":"0.00010000","T":1725681005073,"m":false,"M":true}
{"e":"trade","E":1725681005074,"s":"BTCUSDT","t":3798161970,"p":"53865.40000000","q":"0.00010000","T":1725681005073,"m":false,"M":true}
{"e":"trade","E":1725681005074,"s":"BTCUSDT","t":3798161971,"p":"53865.40000000","q":"0.00010000","T":1725681005073,"m":false,"M":true}
{"e":"trade","E":1725681005074,"s":"BTCUSDT","t":3798161972,"p":"53865.40000000","q":"0.00010000","T":1725681005073,"m":false,"M":true}
{"e":"trade","E":1725681005074,"s":"BTCUSDT","t":3798161973,"p":"53865.40000000","q":"0.00010000","T":1725681005073,"m":false,"M":true}
{"e":"trade","E":1725681005074,"s":"BTCUSDT","t":3798161974,"p":"53865.40000000","q":"0.00010000","T":1725681005073,"m":false,"M":true}
{"e":"trade","E":1725681005074,"s":"BTCUSDT","t":3798161975,"p":"53865.40000000","q":"0.00010000","T":1725681005073,"m":false,"M":true}
{"e":"trade","E":1725681005074,"s":"BTCUSDT","t":3798161976,"p":"53865.40000000","q":"0.00010000","T":1725681005073,"m":false,"M":true}
{"e":"trade","E":1725681005074,"s":"BTCUSDT","t":3798161977,"p":"53865.40000000","q":"0.00010000","T":1725681005073,"m":false,"M":true}
{"e":"trade","E":1725681005074,"s":"BTCUSDT","t":3798161978,"p":"53865.40000000","q":"0.00010000","T":1725681005073,"m":false,"M":true}
{"e":"trade","E":1725681005074,"s":"BTCUSDT","t":3798161979,"p":"53865.53000000","q":"0.00840000","T":1725681005073,"m":false,"M":true}
{"e":"trade","E":1725681005074,"s":"BTCUSDT","t":3798161980,"p":"53865.41000000","q":"0.00010000","T":1725681005073,"m":false,"M":true}
{"e":"trade","E":1725681005074,"s":"BTCUSDT","t":3798161981,"p":"53865.41000000","q":"0.00010000","T":1725681005073,"m":false,"M":true}
{"e":"trade","E":1725681005082,"s":"BTCUSDT","t":3798161982,"p":"53865.99000000","q":"0.00010000","T":1725681005081,"m":false,"M":true}
{"e":"trade","E":1725681005082,"s":"BTCUSDT","t":3798161983,"p":"53865.99000000","q":"0.00010000","T":1725681005081,"m":false,"M":true}
{"e":"trade","E":1725681005082,"s":"BTCUSDT","t":3798161984,"p":"53865.99000000","q":"0.00010000","T":1725681005081,"m":false,"M":true}
{"e":"trade","E":1725681005082,"s":"BTCUSDT","t":3798161985,"p":"53865.99000000","q":"0.00010000","T":1725681005081,"m":false,"M":true}
{"e":"trade","E":1725681005082,"s":"BTCUSDT","t":3798161986,"p":"53865.99000000","q":"0.00010000","T":1725681005081,"m":false,"M":true}
{"e":"trade","E":1725681005082,"s":"BTCUSDT","t":3798161987,"p":"53865.99000000","q":"0.00010000","T":1725681005081,"m":false,"M":true}
{"e":"trade","E":1725681005082,"s":"BTCUSDT","t":3798161988,"p":"53865.99000000","q":"0.00010000","T":1725681005081,"m":false,"M":true}
{"e":"trade","E":1725681005082,"s":"BTCUSDT","t":3798161989,"p":"53865.99000000","q":"0.00010000","T":1725681005081,"m":false,"M":true}
{"e":"trade","E":1725681005082,"s":"BTCUSDT","t":3798161990,"p":"53865.99000000","q":"0.00010000","T":1725681005081,"m":false,"M":true}
{"e":"trade","E":1725681005082,"s":"BTCUSDT","t":3798161991,"p":"53865.99000000","q":"0.00010000","T":1725681005081,"m":false,"M":true}
{"e":"trade","E":1725681005274,"s":"BTCUSDT","t":3798161992,"p":"53866.00000000","q":"0.00121000","T":1725681005274,"m":false,"M":true}
{"e":"trade","E":1725681005279,"s":"BTCUSDT","t":3798161993,"p":"53866.00000000","q":"0.00300000","T":1725681005278,"m":false,"M":true}
{"e":"trade","E":1725681005283,"s":"BTCUSDT","t":3798161994,"p":"53866.00000000","q":"0.00300000","T":1725681005282,"m":false,"M":true}
{"e":"trade","E":1725681005293,"s":"BTCUSDT","t":3798161995,"p":"53866.00000000","q":"0.00279000","T":1725681005293,"m":false,"M":true}
{"e":"trade","E":1725681005293,"s":"BTCUSDT","t":3798161996,"p":"53866.00000000","q":"0.01000000","T":1725681005293,"m":false,"M":true}
{"e":"trade","E":1725681005293,"s":"BTCUSDT","t":3798161997,"p":"53866.00000000","q":"0.00010000","T":1725681005293,"m":false,"M":true}
{"e":"trade","E":1725681005293,"s":"BTCUSDT","t":3798161998,"p":"53866.00000000","q":"0.00010000","T":1725681005293,"m":false,"M":true}
{"e":"trade","E":1725681005293,"s":"BTCUSDT","t":3798161999,"p":"53866.25000000","q":"0.00010000","T":1725681005293,"m":false,"M":true}
{"e":"trade","E":1725681005293,"s":"BTCUSDT","t":3798162000,"p":"53866.25000000","q":"0.00010000","T":1725681005293,"m":false,"M":true}
{"e":"trade","E":1725681005295,"s":"BTCUSDT","t":3798162001,"p":"53866.26000000","q":"0.00010000","T":1725681005294,"m":false,"M":true}
{"e":"trade","E":1725681005295,"s":"BTCUSDT","t":3798162002,"p":"53866.26000000","q":"0.00010000","T":1725681005294,"m":false,"M":true}
{"e":"trade","E":1725681005295,"s":"BTCUSDT","t":3798162003,"p":"53866.27000000","q":"0.00014000","T":1725681005294,"m":false,"M":true}
{"e":"trade","E":1725681005304,"s":"BTCUSDT","t":3798162004,"p":"53866.27000000","q":"0.00010000","T":1725681005304,"m":false,"M":true}
{"e":"trade","E":1725681005304,"s":"BTCUSDT","t":3798162005,"p":"53866.27000000","q":"0.00010000","T":1725681005304,"m":false,"M":true}
{"e":"trade","E":1725681005304,"s":"BTCUSDT","t":3798162006,"p":"53866.98000000","q":"0.00010000","T":1725681005304,"m":false,"M":true}
{"e":"trade","E":1725681005304,"s":"BTCUSDT","t":3798162007,"p":"53866.98000000","q":"0.00010000","T":1725681005304,"m":false,"M":true}
{"e":"trade","E":1725681005304,"s":"BTCUSDT","t":3798162008,"p":"53866.98000000","q":"0.00010000","T":1725681005304,"m":false,"M":true}
{"e":"trade","E":1725681005304,"s":"BTCUSDT","t":3798162009,"p":"53866.98000000","q":"0.00010000","T":1725681005304,"m":false,"M":true}
{"e":"trade","E":1725681005304,"s":"BTCUSDT","t":3798162010,"p":"53866.98000000","q":"0.00010000","T":1725681005304,"m":false,"M":true}
{"e":"trade","E":1725681005304,"s":"BTCUSDT","t":3798162011,"p":"53866.98000000","q":"0.00010000","T":1725681005304,"m":false,"M":true}
{"e":"trade","E":1725681005304,"s":"BTCUSDT","t":3798162012,"p":"53866.98000000","q":"0.00010000","T":1725681005304,"m":false,"M":true}
{"e":"trade","E":1725681005304,"s":"BTCUSDT","t":3798162013,"p":"53866.98000000","q":"0.00010000","T":1725681005304,"m":false,"M":true}
{"e":"trade","E":1725681005304,"s":"BTCUSDT","t":3798162014,"p":"53866.98000000","q":"0.00010000","T":1725681005304,"m":false,"M":true}
{"e":"trade","E":1725681005304,"s":"BTCUSDT","t":3798162015,"p":"53866.98000000","q":"0.00010000","T":1725681005304,"m":false,"M":true}
{"e":"trade","E":1725681005305,"s":"BTCUSDT","t":3798162016,"p":"53866.98000000","q":"0.00010000","T":1725681005304,"m":false,"M":true}
{"e":"trade","E":1725681005305,"s":"BTCUSDT","t":3798162017,"p":"53866.98000000","q":"0.00010000","T":1725681005304,"m":false,"M":true}
{"e":"trade","E":1725681005305,"s":"BTCUSDT","t":3798162018,"p":"53866.99000000","q":"0.00198000","T":1725681005304,"m":false,"M":true}
{"e":"trade","E":1725681005305,"s":"BTCUSDT","t":3798162019,"p":"53866.99000000","q":"0.00198000","T":1725681005304,"m":false,"M":true}
{"e":"trade","E":1725681005305,"s":"BTCUSDT","t":3798162020,"p":"53866.99000000","q":"0.00198000","T":1725681005304,"m":false,"M":true}
{"e":"trade","E":1725681005305,"s":"BTCUSDT","t":3798162021,"p":"53866.99000000","q":"0.00088000","T":1725681005304,"m":false,"M":true}
{"e":"trade","E":1725681005308,"s":"BTCUSDT","t":3798162022,"p":"53866.99000000","q":"0.00110000","T":1725681005307,"m":false,"M":true}
{"e":"trade","E":1725681005308,"s":"BTCUSDT","t":3798162023,"p":"53866.99000000","q":"0.00010000","T":1725681005307,"m":false,"M":true}
{"e":"trade","E":1725681005308,"s":"BTCUSDT","t":3798162024,"p":"53866.99000000","q":"0.00010000","T":1725681005307,"m":false,"M":true}
{"e":"trade","E":1725681005308,"s":"BTCUSDT","t":3798162025,"p":"53866.99000000","q":"0.00010000","T":1725681005307,"m":false,"M":true}
{"e":"trade","E":1725681005308,"s":"BTCUSDT","t":3798162026,"p":"53866.99000000","q":"0.00010000","T":1725681005307,"m":false,"M":true}
{"e":"trade","E":1725681005308,"s":"BTCUSDT","t":3798162027,"p":"53866.99000000","q":"0.00010000","T":1725681005307,"m":false,"M":true}
{"e":"trade","E":1725681005308,"s":"BTCUSDT","t":3798162028,"p":"53866.99000000","q":"0.00010000","T":1725681005307,"m":false,"M":true}
{"e":"trade","E":1725681005308,"s":"BTCUSDT","t":3798162029,"p":"53866.99000000","q":"0.00010000","T":1725681005307,"m":false,"M":true}
{"e":"trade","E":1725681005308,"s":"BTCUSDT","t":3798162030,"p":"53866.99000000","q":"0.00010000","T":1725681005307,"m":false,"M":true}
{"e":"trade","E":1725681005308,"s":"BTCUSDT","t":3798162031,"p":"53866.99000000","q":"0.00010000","T":1725681005307,"m":false,"M":true}
{"e":"trade","E":1725681005308,"s":"BTCUSDT","t":3798162032,"p":"53866.99000000","q":"0.00010000","T":1725681005307,"m":false,"M":true}
{"e":"trade","E":1725681005308,"s":"BTCUSDT","t":3798162033,"p":"53866.99000000","q":"0.00010000","T":1725681005307,"m":false,"M":true}
{"e":"trade","E":1725681005308,"s":"BTCUSDT","t":3798162034,"p":"53866.99000000","q":"0.00010000","T":1725681005307,"m":false,"M":true}
{"e":"trade","E":1725681005320,"s":"BTCUSDT","t":3798162035,"p":"53867.00000000","q":"0.00300000","T":1725681005320,"m":false,"M":true}
{"e":"trade","E":1725681005654,"s":"BTCUSDT","t":3798162036,"p":"53867.00000000","q":"0.00300000","T":1725681005654,"m":false,"M":true}
{"e":"trade","E":1725681005655,"s":"BTCUSDT","t":3798162037,"p":"53867.00000000","q":"0.00300000","T":1725681005655,"m":false,"M":true}
{"e":"trade","E":1725681005695,"s":"BTCUSDT","t":3798162038,"p":"53867.00000000","q":"0.00300000","T":1725681005695,"m":false,"M":true}
{"e":"trade","E":1725681006133,"s":"BTCUSDT","t":3798162039,"p":"53867.00000000","q":"0.00300000","T":1725681006132,"m":false,"M":true}
{"e":"trade","E":1725681006134,"s":"BTCUSDT","t":3798162040,"p":"53867.00000000","q":"0.00300000","T":1725681006133,"m":false,"M":true}
{"e":"trade","E":1725681006149,"s":"BTCUSDT","t":3798162041,"p":"53866.99000000","q":"0.00320000","T":1725681006149,"m":true,"M":true}
{"e":"trade","E":1725681006158,"s":"BTCUSDT","t":3798162042,"p":"53867.00000000","q":"0.00300000","T":1725681006157,"m":false,"M":true}
{"e":"trade","E":1725681006440,"s":"BTCUSDT","t":3798162043,"p":"53867.00000000","q":"0.00195000","T":1725681006440,"m":false,"M":true}
{"e":"trade","E":1725681006549,"s":"BTCUSDT","t":3798162044,"p":"53867.00000000","q":"0.04000000","T":1725681006549,"m":false,"M":true}